
@misc{IE,
    author          = {RTIEBT},
    title           = {Regras Técnicas das Instalações Elétricas de Baixa Tensão - Portaria n.º 949-A/2006 },
    howpublished    = {\url{https://dre.pt/dre/legislacao-consolidada/portaria/2006-70055500-185764603}},
    month           = {9},
    year            = {2006},
}
@misc{overleaftables,
    author          = {Overleaf},
    title           = {Tables},
    howpublished    = {\url{https://pt.overleaf.com/learn/latex/Tables}},
}
@misc{overleaf,
    author          = {Overleaf},
    title           = {Inserting Images},
    howpublished    = {\url{https://pt.overleaf.com/learn/latex/Inserting_Images}},
}
@misc{simbolos,
    author          = {ufpel},
    title           = {Lista de Símbolos Matemáticos},
    howpublished    = {\url{https://wp.ufpel.edu.br/fernandosimoes/files/2012/06/Simbolos-matematicos.pdf}},
}
@misc{AllAboutLIAs,
    author          = {},
    title           = {All About LIAs},
    howpublished    = {\url{https://www.thinksrs.com/downloads/pdfs/applicationnotes/AboutLIAs.pdf}},
}

@article{reynolds2014capacitance,
  title={Capacitance-voltage profiling: Research-grade approach versus low-cost alternatives},
  author={Reynolds, Neal D and Panda, Cristian D and Essick, John M},
  journal={American Journal of Physics},
  volume={82},
  number={3},
  pages={196--205},
  year={2014},
  publisher={AIP Publishing}
}
